
@misc{omp_internals,
	title={{OpenMPI Data Transfer}},
	author={Barrett, Brian},
	howpublished={http://www.open-mpi.org/video/internals/Sandia\_BrianBarrett-1up.pdf},
	month={December},
	year={2012},
	note={Detailed overview of the OpenMPI data
		transfer system.}
}

@article{Shalf2011,
    author = {Shalf, John and Dosanjh, Sudip and
        Morrison, John},
    pages = {1--25},
    title = {{Exascale Computing Technology
        Challenges}},
    year = {2011}
}

@inproceedings{Hsu:2005:PRS:1105760.1105766,
	 author = {Hsu, Chung-Hsing and Feng, Wu-chun},
	  title = {A Power-Aware Run-Time System for High-Performance Computing},
	   booktitle = {Proceedings of the 2005 ACM/IEEE conference on Supercomputing},
	    series = {SC '05},
	     year = {2005},
	      isbn = {1-59593-061-2},
	       pages = {1--},
	        url = {http://dx.doi.org/10.1109/SC.2005.3},
		 doi = {10.1109/SC.2005.3},
		  acmid = {1105766},
		   publisher = {IEEE Computer Society},
		    address = {Washington, DC, USA},
} 

@inproceedings{roofline,
	    address = {Boston, MA, USA},
	      author = {Jee Whan Choi and Daniel Bedard and Robert Fowler and Richard Vuduc},
	        booktitle = {Proc.~IEEE Int'l. Parallel and Distributed Processing Symp. (IPDPS)},
		      month = {May},
			  title = {A theoretical framework for algorithm-architecture co-design},
			    year = {2013}
}

@article{AMD_ACP,
	author = {AMD},
	keywords = {power/acp},
	title = {{ACP – The Truth About Power Consumption Starts Here}}
}



@inproceedings{DBLP:conf/hipeac/RahmanGY11,
	  author    = {Faizur Rahman and
		                 Jichi Guo and
					                Qing Yi},
	    title     = {Automated empirical tuning of scientific codes for performance
		                   and power consumption},
	      booktitle = {HiPEAC},
	        year      = {2011},
		  pages     = {107-116},
		    ee        = {http://doi.acm.org/10.1145/1944862.1944880},
}

@article{powerbottlenecks,
	year={2013},
	issn={1865-2034},
	journal={Computer Science - Research and Development},
	doi={10.1007/s00450-013-0242-8},
	title={Automatic detection of power bottlenecks in parallel scientific applications},
	url={http://dx.doi.org/10.1007/s00450-013-0242-8},
	publisher={Springer Berlin Heidelberg},
	keywords={Power efficiency; High performance computing; Profiling and tracing power consumption; Scientific applications},
	author={Barreda, María and Catalán, Sandra and Dolz, ManuelF. and Mayo, Rafael and Quintana-Ortí, EnriqueS.},
	pages={1-9},
	language={English}
}


@inproceedings{Rountree:2012:BDF:2357488.2357648,
	 author = {Rountree, Barry and Ahn, Dong H. and de Supinski, Bronis R. and Lowenthal, David K. and Schulz, Martin},
	  title = {Beyond DVFS: A First Look at Performance under a Hardware-Enforced Power Bound},
	   booktitle = {Proceedings of the 2012 IEEE 26th International Parallel and Distributed Processing Symposium Workshops \& PhD Forum},
	    series = {IPDPSW '12},
	     year = {2012},
	      isbn = {978-0-7695-4676-6},
	       pages = {947--953},
	        numpages = {7},
		 url = {http://dx.doi.org/10.1109/IPDPSW.2012.116},
		  doi = {10.1109/IPDPSW.2012.116},
		   acmid = {2357648},
		    publisher = {IEEE Computer Society},
		     address = {Washington, DC, USA},
} 


@TECHREPORT{Aboughazaleh02collaborativecompiler-os,
	    author = {Nevine Aboughazaleh and Bruce Childers and Rami Melhem and Matthew Craven},
	        title = {Collaborative compiler-OS power management for time-sensitive applications},
		    institution = {Department of Computer Science, University of Pittsburgh, Department of Computer Science, University of Pittsburgh},
		        year = {2002}
}



@article{Taylor,
	author = {Taylor, Valerie and Wu, Xingfu and Lee, Chee Wai and Cameron, Kirk and Chang, Hung-CHing and Terpstra, Dan and Moore, Shirley},
	pages = {1--23},
	title = {{Combined Performance and Power Consumption Modeling and Optimization with MuMMI 1}}
}

@inproceedings{Miyoshi:2002:CPS:514191.514200,
	 author = {Miyoshi, Akihiko and Lefurgy, Charles and Van Hensbergen, Eric and Rajamony, Ram and Rajkumar, Raj},
	  title = {Critical power slope: understanding the runtime effects of frequency scaling},
	   booktitle = {Proceedings of the 16th international conference on Supercomputing},
	    series = {ICS '02},
	     year = {2002},
	      isbn = {1-58113-483-5},
	       location = {New York, New York, USA},
	        pages = {35--44},
		 numpages = {10},
		  url = {http://doi.acm.org/10.1145/514191.514200},
		   doi = {10.1145/514191.514200},
		    acmid = {514200},
		     publisher = {ACM},
		      address = {New York, NY, USA},
		       keywords = {energy aware computing},
} 


@INPROCEEDINGS{5724834, 
	author={Vishnu, A. and Shuaiwen Song and Marquez, A. and Barker, K. and Kerbyson, D. and Cameron, K. and Balaji, P.}, 
	booktitle={Green Computing and Communications (GreenCom), 2010 IEEE/ACM Int'l Conference on Int'l Conference on Cyber, Physical and Social Computing (CPSCom)}, 
	title={Designing Energy Efficient Communication Runtime Systems for Data Centric Programming Models}, 
	year={2010}, 
	pages={229-236}, 
	doi={10.1109/GreenCom-CPSCom.2010.133}
}


@article{lively,
	year={2013},
	issn={1865-2034},
	journal={Computer Science - Research and Development},
	doi={10.1007/s00450-013-0239-3},
	title={E-AMOM: an energy-aware modeling and optimization methodology for scientific applications},
	url={http://dx.doi.org/10.1007/s00450-013-0239-3},
	publisher={Springer Berlin Heidelberg},
	keywords={Performance modeling; Energy consumption; Power consumption; MPI; Hybrid MPI/OpenMP; Power prediction; Performance optimization},
	author={Lively, Charles and Taylor, Valerie and Wu, Xingfu and Chang, Hung-Ching and Su, Chun-Yi and Cameron, Kirk and Moore, Shirley and Terpstra, Dan},
	pages={1-14},
	language={English}
}



@INPROCEEDINGS{6382829, 
	author={Dongarra, J. and Ltaief, H. and Luszczek, P. and Weaver, V.M.}, 
	booktitle={Cloud and Green Computing (CGC), 2012 Second International Conference on}, 
	title={Energy Footprint of Advanced Dense Numerical Linear Algebra Using Tile Algorithms on Multicore Architectures}, 
	year={2012}, 
	pages={274-281}, 
	doi={10.1109/CGC.2012.113}}

@article{Benedict:2012:REP:2383084.2383241,
	 author = {Benedict, Shajulin},
	  title = {Review: Energy-aware performance analysis methodologies for HPC architectures-An exploratory study},
	   journal = {J. Netw. Comput. Appl.},
	    month = {November},
        year = {2012},
	     volume = {35},
	      number = {6},
	       month = nov,
	        year = {2012},
		 issn = {1084-8045},
		  pages = {1709--1719},
		   numpages = {11},
		    url = {http://dx.doi.org/10.1016/j.jnca.2012.08.003},
		     doi = {10.1016/j.jnca.2012.08.003},
		      acmid = {2383241},
		       publisher = {Academic Press Ltd.},
		        address = {London, UK, UK},
			 keywords = {Energy monitoring, HPC, Performance analysis, Tools},
} 


@article{10.1109/IPDPS.2013.26,
	author = {Zhihui Du and Hongyang Sun and Yuxiong He and Yu He and David A. Bader and Huazhe Zhang},
	title = {Energy-Efficient Scheduling for Best-Effort Interactive Services to Achieve High Response Quality},
	journal ={Parallel and Distributed Processing Symposium, International},
	volume = {0},
	issn = {1530-2075},
	year = {2013},
	pages = {637-648},
	doi = {http://doi.ieeecomputersociety.org/10.1109/IPDPS.2013.26},
	publisher = {IEEE Computer Society},
	address = {Los Alamitos, CA, USA},
}



@INPROCEEDINGS{5470463, 
	author={Dong Li and De Supinski, B.R. and Schulz, M. and Cameron, K. and Nikolopoulos, D.S.}, 
	booktitle={Parallel Distributed Processing (IPDPS), 2010 IEEE International Symposium on}, 
	title={Hybrid MPI/OpenMP power-aware computing}, 
	year={2010}, 
	pages={1-12}, 
	doi={10.1109/IPDPS.2010.5470463}, 
	ISSN={1530-2075}
}

@inproceedings{Li:2012:IOB:2357496.2358563,
	 author = {Li, Dong and Vetter, Jeffrey S. and Marin, Gabriel and McCurdy, Collin and Cira, Cristian and Liu, Zhuo and Yu, Weikuan},
	  title = {Identifying Opportunities for Byte-Addressable Non-Volatile Memory in Extreme-Scale Scientific Applications},
	   booktitle = {Proceedings of the 2012 IEEE 26th International Parallel and Distributed Processing Symposium},
	    series = {IPDPS '12},
	     year = {2012},
	      isbn = {978-0-7695-4675-9},
	       pages = {945--956},
	        numpages = {12},
		 url = {http://dx.doi.org/10.1109/IPDPS.2012.89},
		  doi = {10.1109/IPDPS.2012.89},
		   acmid = {2358563},
		    publisher = {IEEE Computer Society},
		     address = {Washington, DC, USA},
} 


@INPROCEEDINGS{489624, 
	author={Tiwari, V. and Malik, S. and Wolfe, A. and Lee, M.T.-C.}, 
	booktitle={VLSI Design, 1996. Proceedings., Ninth International Conference on}, 
	title={Instruction level power analysis and optimization of software}, 
	year={1996}, 
	pages={326-328}, 
	doi={10.1109/ICVD.1996.489624}, 
	ISSN={1063-9667},
}

@article{schone13,
	year={2013},
	issn={1865-2034},
	journal={Computer Science - Research and Development},
	doi={10.1007/s00450-013-0243-7},
	title={Integrating performance analysis and energy efficiency optimizations in a unified environment},
	url={http://dx.doi.org/10.1007/s00450-013-0243-7},
	publisher={Springer Berlin Heidelberg},
	author={Schöne, Robert and Molka, Daniel},
	pages={1-9},
}



@article{intel_dev,
	title={Intel({R}) 64 and {IA}-32 {A}rchitectures {S}oftware
        {D}eveloper's {M}anual {V}ol. 3{B}: {S}ystem {P}rogramming 
        {G}uide, {P}art-2},
	author={{Intel Corporation}},
	year={2014},
    month={February},
	doi={Order Number: 253669-050US},
	url={http://www.intel.com/content/www/us/en/architecture-and-technology/64-ia-32-architectures-software-developer-vol-3b-part-2-manual.html},
}

@article{nvidia_nvml,
	title={{NVML API} {R}eference {M}anual, ver.5.319.43},
	author={{NVIDIA}},
	month={August},
	year={2013},
    url={http://developer.download.nvidia.com/compute/cuda/5_5/rel/nvml/nvml.5.319.43.pdf}
}

@article{amd_apm,
	title={Linux Tuning Guide, AMD Opteron 6200
Series Processors},
	author={AMD},
	month={April},
	year={2012}
}

@INPROCEEDINGS{1559985, 
	author={Kappiah, N. and Freeh, Vincent W. and Lowenthal, D.K.}, 
	booktitle={Supercomputing, 2005. Proceedings of the ACM/IEEE SC 2005 Conference}, 
	title={Just In Time Dynamic Voltage Scaling: Exploiting Inter-Node Slack to Save Energy in MPI Programs}, 
	year={2005}, 
	pages={33-33}, 
	doi={10.1109/SC.2005.39}
}

@article{Linux_rapl,
	title = {{RAPL} (Running Average Power Limit) driver},
	url={https://lwn.net/Articles/545745/},
	author={Jacob Pan}
}


@inproceedings{Mintz:2007:LTM:1233341.1233368,
	 author = {Mintz, Tiffany M. and Davis, James P.},
	  title = {Low-power tradeoffs for mobile computing applications: embedded processors versus custom computing kernels},
	   booktitle = {Proceedings of the 45th annual southeast regional conference},
	    series = {ACM-SE 45},
	     year = {2007},
	      isbn = {978-1-59593-629-5},
	       location = {Winston-Salem, North Carolina},
	        pages = {144--149},
		 numpages = {6},
		  url = {http://doi.acm.org/10.1145/1233341.1233368},
		   doi = {10.1145/1233341.1233368},
		    acmid = {1233368},
		     publisher = {ACM},
		      address = {New York, NY, USA},
} 


@article{knobloch13,
	year={2013},
	issn={1865-2034},
	journal={Computer Science - Research and Development},
	doi={10.1007/s00450-013-0245-5},
	title={Mapping fine-grained power measurements to HPC application runtime characteristics on IBM POWER7},
	url={http://dx.doi.org/10.1007/s00450-013-0245-5},
	publisher={Springer Berlin Heidelberg},
	keywords={Energy; Performance; Power consumption; POWER7},
	author={Knobloch, Michael and Foszczynski, Maciej and Homberg, Willi and Pleiter, Dirk and Böttiger, Hans},
	pages={1-9},
	language={English}
}


@article{Hahnel:2012:MEC:2425248.2425252,
	 author = {H\"{a}hnel, Marcus and D\"{o}bel, Bj\"{o}rn and V\"{o}lp, Marcus and H\"{a}rtig, Hermann},
	  title = {Measuring energy consumption for short
          code paths using {RAPL}},
	   journal = {SIGMETRICS Perform. Eval. Rev.},
	    issue_date = {December 2012},
	     volume = {40},
	      number = {3},
	       month = jan,
	        year = {2012},
		 issn = {0163-5999},
		  pages = {13--17},
		   numpages = {5},
		    url = {http://doi.acm.org/10.1145/2425248.2425252},
		     doi = {10.1145/2425248.2425252},
		      acmid = {2425252},
		       publisher = {ACM},
		        address = {New York, NY, USA},
			 keywords = {RAPL, operating systems, power consumption},
}


@inproceedings{iiswc12,
		author={Chun-Yi Su and Dong Li and Dimitrios~S. Nikolopoulos and Kirk~W. Cameron and Bronis~R. de Supinski and Edgar~A. Leon},
			title={Model-Based, Memory-Centric Performance and Power Optimization on NUMA Multiprocessors},
				booktitle={Proceedings of the 2012 IEEE International Symposium on Workload Characterization \textbf{(IISWC)}},
					month=nov,
						year={2012},
						        pages={164-173},
								address={San Diego, CA}
}

@INPROCEEDINGS{4536224, 
	author={Huang, S. and Luo, Y. and Feng, W.}, 
	booktitle={Parallel and Distributed Processing, 2008. IPDPS 2008}, 
	title={Modeling and analysis of power in multicore network processors}, 
	year={2008}, 
	pages={1-8}, 
	keywords={microprocessor chips;multiprocessing systems;power consumption;Intel IXP network processors;high-performance computing;multicore network processors;power consumption;Application software;Computer networks;Cryptography;Energy consumption;Multicore processing;Performance analysis;Performance evaluation;Power dissipation;Space exploration;Virtual private networks}, 
	doi={10.1109/IPDPS.2008.4536224}, 
	ISSN={1530-2075}
}



@INPROCEEDINGS{6270746, 
	author={Tiwari, A. and Laurenzano, M.A. and Carrington, L. and Snavely, A.}, 
	booktitle={Parallel and Distributed Processing Symposium Workshops PhD Forum (IPDPSW), 2012 IEEE 26th International}, 
	title={Modeling Power and Energy Usage of HPC Kernels}, 
	year={2012}, 
	pages={990-998}, 
	keywords={neural nets;operating system kernels;power aware computing;CPU;DIMM;HPC kernels;LU factorization;artificial neural networks;compiler-based optimizations;compute intensive kernels;energy consumption;energy usage;exascale systems;hardware tunables;kernel-specific compiler-based optimization parameters;matrix multiplication;power usage;stencil computation;Computational modeling;Kernel;Mathematical model;Optimization;Power measurement;Predictive models;Training}, 
	doi={10.1109/IPDPSW.2012.121},}

@inproceedings{Rauber:2011:MEC:2048416.2048418,
	 author = {Rauber, Thomas and R\"{u}nger, Gudula},
	  title = {Modeling the energy consumption for concurrent executions of parallel tasks},
	   booktitle = {Proceedings of the 14th Communications and Networking Symposium},
	    series = {CNS '11},
	     year = {2011},
	      location = {Boston, Massachusetts},
	       pages = {11--18},
	        numpages = {8},
		 url = {http://dl.acm.org/citation.cfm?id=2048416.2048418},
		  acmid = {2048418},
		   publisher = {Society for Computer Simulation International},
		    address = {San Diego, CA, USA},
		     keywords = {communication, energy model, task-based programming},
} 



@inproceedings{Ben-Itzhak:2010:PPA:2174824.2174847,
	 author = {Ben-Itzhak, Yaniv and Cidon, Israel and Kolodny, Avinoam},
	  title = {Performance and power aware CMP thread allocation modeling},
	   booktitle = {Proceedings of the 5th international conference on High Performance Embedded Architectures and Compilers},
	    series = {HiPEAC'10},
	     year = {2010},
	      isbn = {3-642-11514-4, 978-3-642-11514-1},
	       location = {Pisa, Italy},
	        pages = {232--246},
		 numpages = {15},
		  url = {http://dx.doi.org/10.1007/978-3-642-11515-8_18},
		   doi = {10.1007/978-3-642-11515-8_18},
		    acmid = {2174847},
		     publisher = {Springer-Verlag},
		      address = {Berlin, Heidelberg},
		       keywords = {CMP, chip multi-processor, coarse grain multi-threading, many core, performance power metric, thread allocation algorithm},
}



@article{Leverich:2009:PMD:1674527.1674553,
	 author = {Leverich, Jacob and Monchiero, Matteo and Talwar, Vanish and Ranganathan, Parthasarathy and Kozyrakis, Christos},
	  title = {Power Management of Datacenter Workloads Using Per-Core Power Gating},
	   journal = {IEEE Comput. Archit. Lett.},
	    issue_date = {July 2009},
	     volume = {8},
	      number = {2},
	       month = jul,
	        year = {2009},
		 issn = {1556-6056},
		  pages = {48--51},
		   numpages = {4},
		    url = {http://dx.doi.org/10.1109/L-CA.2009.46},
		     doi = {10.1109/L-CA.2009.46},
		      acmid = {1674553},
		       publisher = {IEEE Computer Society},
		        address = {Washington, DC, USA},
			 keywords = {Energy-aware systems, Energy-aware systems, System architectures, integration and modeling, System architectures, integration and modeling},
}


@INPROCEEDINGS{6557170, 
	author={Hackenberg, D. and Ilsche, T. and Schone, R. and Molka, D. and Schmidt, M. and Nagel, W.E.}, 
	booktitle={Performance Analysis of Systems and Software (ISPASS), 2013 IEEE International Symposium on}, 
	title={Power measurement techniques on standard compute nodes: A quantitative comparison}, 
	year={2013}, 
	pages={194-204}, 
	doi={10.1109/ISPASS.2013.6557170},}


@inproceedings{Heirman:2012:PMS:2370816.2370820,
	 author = {Heirman, Wim and Sarkar, Souradip and Carlson, Trevor E. and Hur, Ibrahim and Eeckhout, Lieven},
	  title = {Power-aware multi-core simulation for early design stage hardware/software co-optimization},
	   booktitle = {Proceedings of the 21st international conference on Parallel architectures and compilation techniques},
	    series = {PACT '12},
	     year = {2012},
	      isbn = {978-1-4503-1182-3},
	       location = {Minneapolis, Minnesota, USA},
	        pages = {3--12},
		 numpages = {10},
		  url = {http://doi.acm.org/10.1145/2370816.2370820},
		   doi = {10.1145/2370816.2370820},
		    acmid = {2370820},
		     publisher = {ACM},
		      address = {New York, NY, USA},
		       keywords = {design space exploration, hardware/software co-design, multi-core processor, performance modeling, power modeling},
}


@INPROCEEDINGS{5599016, 
	author={David, H. and Gorbatov, E. and Hanebutte, Ulf R. and Khanna, R. and Le, C.}, 
	booktitle={Low-Power Electronics and Design (ISLPED), 2010 ACM/IEEE International Symposium on}, 
	title={{RAPL}: Memory power estimation and capping}, 
	year={2010}, 
	pages={189-194}, 
	keywords={Bandwidth;Heuristic algorithms;Limiting;Memory management;Power demand;Power measurement;Servers},}



@inproceedings{Isci:2003:RPM:956417.956567,
	 author = {Isci, Canturk and Martonosi, Margaret},
	  title = {Runtime Power Monitoring in High-End Processors: Methodology and Empirical Data},
	   booktitle = {Proceedings of the 36th annual IEEE/ACM International Symposium on Microarchitecture},
	    series = {MICRO 36},
	     year = {2003},
	      isbn = {0-7695-2043-X},
	       pages = {93--},
	        url = {http://dl.acm.org/citation.cfm?id=956417.956567},
		 acmid = {956567},
		  publisher = {IEEE Computer Society},
		   address = {Washington, DC, USA},
} 


@INPROCEEDINGS{6114398, 
	author={Carlson, T.E. and Heirman, W. and Eeckhout, L.}, 
	booktitle={High Performance Computing, Networking, Storage and Analysis (SC), 2011 International Conference for}, 
	title={Sniper: Exploring the level of abstraction for scalable and accurate parallel multi-core simulation}, 
	year={2011}, 
	pages={1-12}, 
	keywords={cache storage;digital simulation;multiprocessing systems;16-core system;8-core SMP machine;Sniper;abstraction level exploration;core larger numbers;core-uncore interactions;cycle-accurate simulation;hardware design space;high-performance computing;interval simulation;multithreaded workloads;on-chip cache memory;one-IPC simulation;parallel multicore simulation;processor architectures;Accuracy;Analytical models;Kernel;Load modeling;Multicore processing;Synchronization;Interval simulation;interval model;multi-core processor;performance modeling},}


@ARTICLE{5506075, 
	author={Hoefler, T.}, 
	journal={Computing in Science Engineering}, 
	title={Software and Hardware Techniques for Power-Efficient HPC Networking}, 
	year={2010}, 
	volume={12}, 
	number={6}, 
	pages={30-37}, 
	keywords={computer networks;energy consumption;hardware-software codesign;power aware computing;interconnection networks energy consumption;interconnection networks power efficiency;large scale system;power consumption reduction;power efficient HPC networking;software-hardware technique;Application software;Computer networks;Costs;Energy consumption;Hardware;Large-scale systems;Network servers;Network topology;Power system interconnection;Switches;Green networking;interconnections networks;large-scale networks;power-efficient HPC}, 
	doi={10.1109/MCSE.2010.96}, 
	ISSN={1521-9615},}


@INPROCEEDINGS{6496081, 
	author={Ghosh, S. and Chandrasekaran, S. and Chapman, B.M.}, 
	booktitle={High Performance Computing, Networking, Storage and Analysis (SCC), 2012 SC Companion:}, 
	title={Poster: Statistical Power and Energy Modeling of Multi-GPU Kernels}, 
	year={2012}, 
	pages={1516-1516}, 
	keywords={energy conservation;graphics processing units;power aware computing;statistical analysis;GPGPU;energy consumption;energy efficiency;energy modeling;multiGPU kernels;optimized high performance kernels;parallel applications;statistical methods;statistical power;GPGPU;Power;Statistical Modeling}, 
	doi={10.1109/SC.Companion.2012.298},}



@incollection{AbouGhazaleh:2003:TPP:963948.963952,
	 author = {AbouGhazaleh, Nevine and Moss{\'e}, Daniel and Childers, Bruce and Melhem, Rami},
	  chapter = {Toward the placement of power management points in real-time applications},
	   title = {Compilers and operating systems for low power},
	    editor = {Benini, Luca and Kandemir, Mahmut and Ramanujam, J.},
	     year = {2003},
	      isbn = {1-4020-7573-1},
	       pages = {37--52},
	        numpages = {16},
		 url = {http://dl.acm.org/citation.cfm?id=963948.963952},
		  acmid = {963952},
		   publisher = {Kluwer Academic Publishers},
		    address = {Norwell, MA, USA},
		     keywords = {dynamic voltage scaling, power management, real-time application},
} 


@inproceedings{Korthikanti:2010:TOE:1810479.1810510,
	 author = {Korthikanti, Vijay Anand and Agha, Gul},
	  title = {Towards optimizing energy costs of algorithms for shared memory architectures},
	   booktitle = {Proceedings of the 22nd ACM symposium on Parallelism in algorithms and architectures},
	    series = {SPAA '10},
	     year = {2010},
	      isbn = {978-1-4503-0079-7},
	       location = {Thira, Santorini, Greece},
	        pages = {157--165},
		 numpages = {9},
		  url = {http://doi.acm.org/10.1145/1810479.1810510},
		   doi = {10.1145/1810479.1810510},
		    acmid = {1810510},
		     publisher = {ACM},
		      address = {New York, NY, USA},
		       keywords = {energy, parallel algorithms, performance, shared memory architectures},
} 



@ARTICLE{6148200, 
	author={Rotem, E. and Naveh, A. and Rajwan, D. and Ananthakrishnan, A. and Weissmann, E.}, 
	journal={Micro, IEEE}, 
	title={Power-Management Architecture of the Intel Microarchitecture Code-Named Sandy Bridge}, 
	year={2012}, 
	volume={32}, 
	number={2}, 
	pages={20-27}, 
	keywords={microcomputers;system-on-chip;Intel microarchitecture;Intel sandy bridge microprocessor;integration levels;power management architecture;power management innovations;system on a chip designs;Bridge circuits;Bridges;Computer architecture;Graphics;Microprocessors;System-on-a-chip;Voltage control;Sandy Bridge;Turbo Boost;energy management;power management}, 
	doi={10.1109/MM.2012.12}, 
	ISSN={0272-1732},}








@TECHREPORT{Aboughazaleh02,
	    author = {Nevine Aboughazaleh and Bruce Childers and Rami Melhem and Matthew Craven},
	        title = {Collaborative compiler-OS power management for time-sensitive applications},
		    institution = {Department of Computer Science, University of Pittsburgh, Department of Computer Science, University of Pittsburgh},
		        year = {2002}
}


@article{thrifty,
	title={Thrifty: An Exascale Architecture for Energy-Proportional Computing},
	author={Josep Torrellas and Daniel Quinlan and Allan snavely and Wilfred Pinfold },
        url={http://science.energy.gov/~/media/ascr/pdf/research/cs/aa/A_oph_uiuc_thrifty_110215.pdf}
}


@inproceedings{Wu:2013:MMM:2484762.2484773,
	 author = {Wu, Xingfu and Chang, Hung-Ching and Moore, Shirley and Taylor, Valerie and Su, Chun-Yi and Terpstra, Dan and Lively, Charles and Cameron, Kirk and Lee, Chee Wai},
	  title = {MuMMI: multiple metrics modeling infrastructure for exploring performance and power modeling},
	   booktitle = {Proceedings of the Conference on Extreme Science and Engineering Discovery Environment: Gateway to Discovery},
	    series = {XSEDE '13},
	     year = {2013},
	      isbn = {978-1-4503-2170-9},
	       location = {San Diego, California},
	        pages = {36:1--36:8},
		 articleno = {36},
		  numpages = {8},
		   url = {http://doi.acm.org/10.1145/2484762.2484773},
		    doi = {10.1145/2484762.2484773},
		     acmid = {2484773},
		      publisher = {ACM},
		       address = {New York, NY, USA},
		        keywords = {energy, modeling, performance measurement, performance modeling, performance-power tradeoff, power, power measurement, power modeling},
} 

@inproceedings{Barrachina2013,
	author = {Barrachina, Sergio and Barreda, Maria and Catal, Sandra and Dolz, Manuel F and Mayo, Rafael and Quintana-ort, Enrique S},
	booktitle = {The Third International Conference on Smart Grids, Green Communications and IT Energy-aware Technologies},
	isbn = {9781612082592},
	keywords = {high performance computing,p-states,performance analyzers,power consumption,power/measurement,scientific applications},
	mendeley-groups = {Parallel Comp/energy\_power},
	mendeley-tags = {power/measurement},
	pages = {114--119},
	title = {{An Integrated Framework for Power-Performance Analysis of Parallel Scientific Workloads}},
	year = {2013}
}

@incollection{marior,
	        year={2011},
		        isbn={978-3-642-21877-4},
			        booktitle={Euro-Par 2010 Parallel Processing Workshops},
				        volume={6586},
					        series={Lecture Notes in Computer Science},
						        editor={Guarracino, MarioR. and Vivien, Frédéric and Träff, JesperLarsson and Cannatoro, Mario and Danelutto, Marco and Hast, Anders and Perla, Francesca and Knüpfer, Andreas and Martino, Beniamino and Alexander, Michael},
							        doi={10.1007/978-3-642-21878-1_62},
								        title={The VampirTrace Plugin Counter Interface: Introduction and Examples},
									        url={http://dx.doi.org/10.1007/978-3-642-21878-1_62},
										        publisher={Springer Berlin Heidelberg},
											        author={Schöne, Robert and Tschüter, Ronny and Ilsche, Thomas and Hackenberg, Daniel},
												        pages={501-511}
}


@INPROCEEDINGS{Mucci99papi:a,
    author = {Philip J. Mucci and Shirley Browne and Christine Deane and George Ho},
    title = {{PAPI}: A Portable Interface to Hardware Performance Counters},
    booktitle = {In Proceedings of the Department of Defense HPCMP Users Group Conference},
    year = {1999},
    pages = {7--10}
}    

@article{cpushieldman,
	title={Linux Programmer's Manual},
	url={http://man7.org/linux/man-pages/man7/cpuset.7.html},
	author={Michael Kerrisk},
	year={2012},
}

@incollection{vampirtraceapi,
	year={2008},
	isbn={978-3-540-68561-6},
	booktitle={Tools for High Performance Computing},
	editor={Resch, Michael and Keller, Rainer and Himmler, Valentin and Krammer, Bettina and Schulz, Alexander},
	doi={10.1007/978-3-540-68564-7_9},
	title={The Vampir Performance Analysis Tool-Set},
	url={http://dx.doi.org/10.1007/978-3-540-68564-7_9},
	publisher={Springer Berlin Heidelberg},
	author={Kn{\"u}pfer, Andreas and Brunst, Holger and Doleschal, Jens and Jurenz, Matthias and Lieber, Matthias and Mickler, Holger and Müller, MatthiasS. and Nagel, WolfgangE.},
	pages={139-155},
	language={English}
}


@INPROCEEDINGS{218199, 
	author={Markatos, E. and Crovella, M. and Das, P. and Dubnicki, C. and LeBlanc, T.}, 
	booktitle={Parallel and Distributed Processing, 1991. Proceedings of the Third IEEE Symposium on}, 
	title={The effects of multiprogramming on barrier synchronization}, 
	year={1991}, 
	pages={662-669}, 
	doi={10.1109/SPDP.1991.218199}
}

@article{Dongarra2012,
author = {Dongarra, Jack and Ltaief, Hatem and Luszczek, Piotr and Weaver, Vincent M.},
doi = {10.1109/CGC.2012.113},
isbn = {978-1-4673-3027-5},
journal = {2012 Second International Conference on Cloud and Green Computing},
 refonth = nov,
pages = {274--281},
publisher = {Ieee},
title = {{Energy Footprint of Advanced Dense Numerical Linear Algebra Using Tile Algorithms on Multicore Architectures}},
year = {2012}
}


@article{Korthikanti2010,
	address = {New York, New York, USA},
	author = {Korthikanti, Vijay Anand and Agha, Gul},
	doi = {10.1145/1810479.1810510},
	isbn = {9781450300797},
	journal = {Proceedings of the 22nd ACM symposium on Parallelism in algorithms and architectures - SPAA '10},
	keywords = {power/programmingmodels},
	mendeley-groups = {Parallel Comp/energy\_power},
	mendeley-tags = {power/programmingmodels},
	pages = {157},
	publisher = {ACM Press},
	title = {{Towards optimizing energy costs of algorithms for shared memory architectures}},
	url = {http://portal.acm.org/citation.cfm?doid=1810479.1810510},
	year = {2010}
}

@article{Li2010a,
	author = {Li, Dong and de Supinski, Bronis R and Schulz, Martin and Cameron, Kirk and Nikolopoulos, Dimitrios S.},
	doi = {10.1109/IPDPS.2010.5470463},
	isbn = {978-1-4244-6442-5},
	journal = {2010 IEEE International Symposium on Parallel \& Distributed Processing (IPDPS)},
	keywords = {-mpi,aware high-performance computing,openmp,performance modeling,power-,power/modeling,power/programmingmodels},
	mendeley-groups = {Parallel Comp/energy\_power},
	mendeley-tags = {power/modeling,power/programmingmodels},
	pages = {1--12},
	publisher = {Ieee},
	title = {{Hybrid MPI/OpenMP power-aware computing}},
	url = {http://ieeexplore.ieee.org/lpdocs/epic03/wrapper.htm?arnumber=5470463},
	year = {2010}
}


@techreport{cmr,
	  author = {Richard L. Graham and Pavel Shamis and Jeffery A. Kuehn and  Stephen W. Poole},
	    institution = {Oak Ridge National Laboratory (ORNL)},
	      keywords = {UCCS},
	        number = {ORNL/TM-2012/120},
		  title = {Communication Middleware Overview},
		    type = {Tech Report},
		      year = 2012
}

@techreport{uccs,
	  author = {Pavel Shamis and  Manjunath Gorentla Venkata and  Jeffery A. Kuehn and  Stephen W. Poole and  Richard L. Graham},
	    institution = {Oak Ridge National Laboratory (ORNL)},
	      keywords = {UCCS},
	        number = {ORNL/TM-2012/339},
		  title = {Universal Common Communication Substrate (UCCS) Specification. Version 0.1},
		    type = {Tech Report},
		      year = 2012
}


@techreport{shmemspec,
	  author = {High Performance Computing Tools group and at UH, Extreme Scale Systems Center at ORNL},
	    institution = {University of Houston (UH), Oak Ridge National Laboratory (ORNL)},
		  title = {OpenSHMEM Application Programming Interface, Version 1.0},
		    url = {www.openshmem.org},
		      year = 2012
}

@article{10.1109/TPDS.2009.76,
    author = {Rong Ge and Xizhou Feng and Shuaiwen Song
        and Hung-Ching Chang and Dong Li and Kirk W.
            Cameron},
    title = {PowerPack: Energy Profiling and Analysis
        of High-Performance Systems and Applications},
    journal ={IEEE Transactions on Parallel and
        Distributed Systems},
    volume = {21},
    number = {5},
    issn = {1045-9219},
    year = {2010},
    pages = {658-671},
    doi = {http://doi.ieeecomputersociety.org/10.1109/TPDS.2009.76},
    publisher = {IEEE Computer Society},
    address = {Los Alamitos, CA, USA},
}

@article{ibpower,
    author={Jonathan M. Bearfield},
    title={{Power Control Design Key to Realizing
        InfiniBand Benefits, Texas Instruments Inc.}},
    year={2001},
    month={November},
    doi={SLVA108}
}

@inproceedings{SohanRMM10,
  author = {Sohan, Ripduman and Rice, Andrew and Moore, Andrew W. and Mansley, Kieran},
  booktitle = {LCN},
  ee = {http://dx.doi.org/10.1109/LCN.2010.5735719},
  pages = {268-271},
  publisher = {IEEE},
  title = {Characterizing 10 Gbps network interface energy consumption.},
  year = {2010}
}


@article{ofed,
    title={The {C}ase for {O}pen {S}ource - {RDMA}},
    author={{O}pen{F}abrics {A}lliance},
    year={2011},
    month={August},
    url={https://www.openfabrics.org/index.php/ofa-documents/presentations/doc_download/228-the-case-for-open-source-rdma-.html}
}

@InProceedings{gabriel04:_open_mpi,
  author       = {Edgar Gabriel and Graham E. Fagg and George Bosilca
                  and Thara Angskun and Jack J. Dongarra and Jeffrey
                  M. Squyres and Vishal Sahay and Prabhanjan Kambadur
                  and Brian Barrett and Andrew Lumsdaine and Ralph
                  H. Castain and David J. Daniel and Richard L. Graham
                  and Timothy S. Woodall },
  title        = {Open {MPI}: Goals, Concept, and Design of a Next
                  Generation {MPI} Implementation},
  booktitle    = {Proceedings, 11th {E}uropean {PVM/MPI} 
      {U}sers' {G}roup {M}eeting},
  year         = {2004},
  address      = {Budapest, Hungary},
  pages        = {97--104},
  month        = {September}
} 

@article{mvapich2,
year={2004},
issn={0885-7458},
journal={International Journal of Parallel Programming},
volume={32},
number={3},
doi={10.1023/B:IJPP.0000029272.69895.c1},
title={High Performance RDMA-Based MPI Implementation over InfiniBand},
url={http://dx.doi.org/10.1023/B\%3AIJPP.0000029272.69895.c1},
publisher={Kluwer Academic Publishers-Plenum Publishers},
keywords={Parallel programming; MPI; InfiniBand; RDMA; clusters; parallel computing},
author={Liu, Jiuxing and Wu, Jiesheng and Panda, DhabaleswarK.},
pages={167-198},
language={English}
}


@INPROCEEDINGS{nic_power, 
    author={Xizhou Feng and Rong Ge and Cameron, K.W.}, 
    booktitle={Parallel and Distributed Processing Symposium, 
        2005. Proceedings. 19th IEEE International}, 
    title={Power and Energy Profiling of Scientific Applications 
        on Distributed Systems}, 
    year={2005}, 
    month={April}, 
    pages={34-34}, 
    keywords={natural sciences computing;parallel 
        processing;power consumption;resource allocation;32-node 
            Beowulf cluster;distributed systems;energy 
            consumption;high-performance system;parallel 
            scientific application;power 
            consumption;power-performance profiles;Application 
            software;Computer science;Costs;Design 
            engineering;Earth;Energy consumption;Kirk field 
            collapse effect;Laboratories;Maintenance 
            engineering;Temperature}, 
    doi={10.1109/IPDPS.2005.346},
}



@incollection{osh_power,
    year={2014},
        isbn={978-3-319-05214-4},
        booktitle={OpenSHMEM and Related Technologies. 
            Experiences, Implementations, and Tools},
        volume={8356},
        series={Lecture Notes in Computer Science},
        editor={Poole, Stephen and Hernandez, Oscar and Shamis, 
            Pavel},
        doi={10.1007/978-3-319-05215-1_5},
        title={Analyzing the Energy and Power Consumption of 
            Remote Memory Accesses in the OpenSHMEM Model},
        url={http://dx.doi.org/10.1007/978-3-319-05215-1_5},
        publisher={Springer International Publishing},
        author={Jana, Siddhartha and Hernandez, Oscar and Poole, 
            Stephen and Hsu, Chung-Hsing and Chapman, 
            BarbaraM.},
        pages={59-73}
}

